% This file was created with JabRef 2.6.
% Encoding: UTF-8

@article{som,
  title={The self-organizing map},
  author={Kohonen, Teuvo},
  journal={Proceedings of the IEEE},
  volume={78},
  number={9},
  pages={1464--1480},
  year={1990},
  publisher={IEEE}
}

@article{Chen:2014:Performance:Anti-patterns,
 author = {Chen, TseHsun and Shang, Weiyi and Jiang, Zhen Ming and Hassan, Ahmed E. and Nasser, Mohamed and Flora, Parminder},
 title = {Detecting Performance Anti-patterns for Applications Developed Using Object-relational Mapping},
 booktitle = {Proceedings of the 36th International Conference on Software Engineering},
 series = {ICSE 2014},
 year = {2014},
 isbn = {978-1-4503-2756-5},
 location = {Hyderabad, India},
 pages = {1001--1012},
 numpages = {12},
 url = {http://doi.acm.org/10.1145/2568225.2568259},
 doi = {10.1145/2568225.2568259},
 acmid = {2568259},
 publisher = {ACM},
 address = {New York, NY, USA},
 keywords = {Dynamic Analysis, Performance, Performance Anti-pattern, Performance Evaluation, Static Analysis},
} 

@article{Chen:2016:Redundant:Data, 
author={T. {Chen} and W. {Shang} and Z. M. {Jiang} and A. E. {Hassan} and M. {Nasser} and P. {Flora}}, 
journal={IEEE Transactions on Software Engineering}, 
title={Finding and Evaluating the Performance Impact of Redundant Data Access for Applications that are Developed Using Object-Relational Mapping Frameworks}, 
year={2016}, 
volume={42}, 
number={12}, 
pages={1148-1161}, 
keywords={database management systems;Java;program diagnostics;public domain software;software performance evaluation;performance impact evaluation;redundant data access;object-relational mapping framework;ORM framework;database abstraction;database management system;DBMS;Java framework;open source system;program analysis;Databases;System performance;Java;Computer bugs;Complexity theory;Time factors;Object tracking;Performance;object-relational mapping (ORM);program analysis;database}, 
doi={10.1109/TSE.2016.2553039}, 
ISSN={0098-5589}, 
month={Dec},}

@misc{vlad_mihalcea_2019, 
    Author = {Vlad Mihalcea},
    Title={Hibernate performance tuning tips}, 
    Year={2019}, month={Jul}, 
    Date-Added = {2019-07-07 13:58:15 +0000},
    Date-Modified = {2019-07-07 13:58:15 +0000},
    Howpublished ={\url{https://vladmihalcea.com/hibernate-performance-tuning-tips/}}}

@misc{vlad_mihalcea_n1, 
    Author = {Vlad Mihalcea},
    Title={How to detect the Hibernate N+1 query problem during testing}, 
    Year={2019}, month={Jul}, 
    Date-Added = {2018-09-07 13:58:15 +0000},
    Date-Modified = {2019-07-30 13:58:15 +0000},
    Howpublished ={\url{https://vladmihalcea.com/how-to-detect-the-n-plus-one-query-problem-during-testing/}}}
  
    
@misc{hibernate_543,
    Author = {Vlad Mihalcea and Steve Ebersole and Andrea Boriero, Gunnar Morling and Gail Badner and Chris Cranford and Emmanuel Bernard and Sanne Grinovero and Brett Meyer and Hardy Ferentschik and Gavin King and Christian Bauer and Max Rydahl Andersen and Karel Maesen and Radim Vansa and Louis Jacomet},
    Title={Hibernate ORM 5.4.3.Final User Guide}, 
    Year={2018}, month={Jul}, 
    Date-Added = {2019-07-07 13:58:15 +0000},
    Date-Modified = {2019-07-07 13:58:15 +0000},
    Howpublished ={\url{https://docs.jboss.org/hibernate/orm/5.4/userguide/html_single/Hibernate_User_Guide.html}}}}
    
@book{high_perform_vlad,
  title={High-Performance Java Persistence},
  author={Mihalcea, V.},
  isbn={9789730228236},
  url={https://books.google.com.br/books?id=g\_gaMQAACAAJ},
  year={2016},
  publisher={Vlad Mihalcea}
}

@Article{Aniche2018,
author="Aniche, Maur{\'i}cio
and Bavota, Gabriele
and Treude, Christoph
and Gerosa, Marco Aur{\'e}lio
and van Deursen, Arie",
title="Code smells for Model-View-Controller architectures",
journal="Empirical Software Engineering",
year="2018",
month="Aug",
day="01",
volume="23",
number="4",
pages="2121--2157",
issn="1573-7616",
doi="10.1007/s10664-017-9540-2",
url="https://doi.org/10.1007/s10664-017-9540-2"
}

@misc{eager_fetching_code_smell, 
    Author = {Vlad Mihalcea},
    Title={EAGER fetching is a code smell when using JPA and Hibernate}, 
    Year={2019}, month={Jan}, 
    Date-Added = {2019-01-22 13:58:15 +0000},
    Date-Modified = {2019-07-29 13:58:15 +0000},
    Howpublished ={\url{https://vladmihalcea.com/eager-fetching-is-a-code-smell/}}}
    
@book{bauer2005hibernate,
  title={Hibernate in Action},
  author={Bauer, C. and King, G.},
  isbn={9781932394153},
  lccn={2004276295},
  series={In Action Series},
  url={https://books.google.com.br/books?id=WCmSQgAACAAJ},
  year={2005},
  publisher={Manning}
}

@book{Martin:2008:CCH:1388398,
 author = {Martin, Robert C.},
 title = {Clean Code: A Handbook of Agile Software Craftsmanship},
 year = {2008},
 isbn = {0132350882, 9780132350884},
 edition = {1},
 publisher = {Prentice Hall PTR},
 address = {Upper Saddle River, NJ, USA},
} 



